@article{Wu2005Robust,
	title={Robust trajectory tracking control of a planar parallel mechanism},
	author={Wu, Jun and Li, Tie Min and Tang, Xiao Qiang},
	journal={Journal of Tsinghua University},
	number={5},
	pages={642-646},
	year={2005},	
}
@article{Garcia2007The,
	title={The evolution of robotics research},
	author={Garcia, E and Jimenez, M. A and De Santos, P. G and Armada, M},
	journal={Robotics & Automation Magazine IEEE},
	volume={14},
	number={1},
	pages={90-103},
	year={2007},
	organization={IEEE}
}
@article{Yang2015An,
	title={An efficient approach to pose tracking based on odometric error modelling for mobile robots},
	author={Yang, Jingdong and Yang, Jinghui and Cai, Zesu},
	journal={Robotica},
	volume={33},
	number={6},
	pages={1231-1249},
	year={2015},
}
@article{yuan2009sprb,
	title={Self-positioning of robot based on dead reckoning and ultrasonic data fusion (in Chinese)},
	author={Yuan, Xin and Wang, Dongyang and Yan, Yongjie},
	journal={Journal of Naval University of Engineering},
	volume={21},
	number={5},
	pages={67-72},
	year={2009},
}
@article{yuningbo2017RGBDbae,
	title={RGB-D Based Autonomous Exploration and Mapping of a Mobile Robot in Unknown Indoor Environment (in Chinese)},
	author={Yu, Ningbo and Wang, Shirong and Xu, Chang},
	journal={Robot},
	volume={39},
	number={6},
	pages={860-871},
	year={2017},
}
@inproceedings{Bachrach2011RANGE,
	title={RANGE - robust autonomous navigation in GPS-denied environments},
	author={Bachrach, A and De Winter, A and He, Ruijie and Hemann, G},
	booktitle={IEEE International Conference on Robotics and Automation},
	pages={1096-1097},
	year={2011},
	organization={IEEE}
}
@inproceedings{bao2013indoor,
	title={An indoor dead-reckoning algorithm with map matching},
	author={Bao, Haitao and Wong, Wai-Choong},
	booktitle={Wireless Communications and Mobile Computing Conference (IWCMC), 2013 9th International},
	pages={1534--1539},
	year={2013},
	organization={IEEE}
}
@article{Tang2014multiary,
	title={Artificial Landmark Distribution Based on Multi-ary M-sequence (in Chinese)},
	author={Tang, Hengbo and Chen, Weidong and Wang, Jingchuan},
	journal={Robot},
	volume={36},
	number={1},
	pages={29-35},
	year={2014},
}
@article{lu2015visual,
	title={Visual navigation using heterogeneous landmarks and unsupervised geometric constraints},
	author={Lu, Yan and Song, Dezhen},
	journal={IEEE Transactions on Robotics},
	volume={31},
	number={3},
	pages={736--749},
	year={2015},
	publisher={IEEE}
}
@article{gao2017unsupervised,
	title={Unsupervised learning to detect loops using deep neural networks for visual SLAM system},
	author={Gao, Xiang and Zhang, Tao},
	journal={Autonomous Robots},
	volume={41},
	number={1},
	pages={1--18},
	year={2017},
	publisher={Springer}
}
@article{kim2015dead,
	title={Dead-reckoning scheme for wheeled mobile robots moving on curved surfaces},
	author={Kim, Jae-Hee and Lee, Jae-Cheol},
	journal={Journal of Intelligent \& Robotic Systems},
	volume={79},
	number={2},
	pages={211--220},
	year={2015},
	publisher={Springer}
}
@article{grisetti2007improved,
	title={Improved techniques for grid mapping with rao-blackwellized particle filters},
	author={Grisetti, Giorgio and Stachniss, Cyrill and Burgard, Wolfram},
	journal={IEEE transactions on Robotics},
	volume={23},
	number={1},
	pages={34--46},
	year={2007},
	publisher={IEEE}
}
@article{cheng2015topological,
	title={Topological indoor localization and navigation for autonomous mobile robot},
	author={Cheng, Hongtai and Chen, Heping and Liu, Yong},
	journal={IEEE Transactions on Automation Science and Engineering},
	volume={12},
	number={2},
	pages={729--738},
	year={2015},
	publisher={IEEE}
}
@article{de2014feature,
	title={Feature based graph-SLAM in structured environments},
	author={de la Puente, Paloma and Rodr{\'\i}guez-Losada, Diego},
	journal={Autonomous Robots},
	volume={37},
	number={3},
	pages={243--260},
	year={2014},
	publisher={Springer}
}
@article{havangi2014square,
	title={A square root unscented FastSLAM with improved proposal distribution and resampling},
	author={Havangi, Ramazan and Taghirad, Hamid D and Nekoui, Mohammad Ali and Teshnehlab, Mohammad},
	journal={IEEE Transactions on Industrial Electronics},
	volume={61},
	number={5},
	pages={2334--2345},
	year={2014},
	publisher={IEEE}
}
@incollection{richter2018bayesian,
	title={Bayesian learning for safe high-speed navigation in unknown environments},
	author={Richter, Charles and Vega-Brown, William and Roy, Nicholas},
	booktitle={Robotics Research},
	pages={325--341},
	year={2018},
	publisher={Springer}
}
@inproceedings{aly2015semmatch,
	title={semMatch: Road semantics-based accurate map matching for challenging positioning data},
	author={Aly, Heba and Youssef, Moustafa},
	booktitle={Proceedings of the 23rd SIGSPATIAL International Conference on Advances in Geographic Information Systems},
	pages={5},
	year={2015},
	organization={ACM}
}
@inproceedings{bloit2008short,
	title={Short-time Viterbi for online HMM decoding: Evaluation on a real-time phone recognition task},
	author={Bloit, Julien and Rodet, Xavier},
	booktitle={ICASSP},
	pages={2121--2124},
	year={2008},
	organization={IEEE}
}
@inproceedings{woodman2008pedestrian,
	title={Pedestrian localisation for indoor environments},
	author={Woodman, Oliver and Harle, Robert},
	booktitle={Proceedings of the 10th international conference on Ubiquitous computing},
	pages={114--123},
	year={2008},
	organization={ACM}
}
@inproceedings{newson2009hidden,
  title={Hidden Markov map matching through noise and sparseness},
  author={Newson, Paul and Krumm, John},
  booktitle={Proceedings of the 17th ACM SIGSPATIAL international conference on advances in geographic information systems},
  pages={336--343},
  year={2009},
  organization={ACM}
}
@inproceedings{seitz2010hidden,
  title={A hidden markov model for urban navigation based on fingerprinting and pedestrian dead reckoning},
  author={Seitz, Jochen and Jahn, Jasper and Boronat, Javier Guti{\'e}rrez and others},
  booktitle={2010 13th Conference on Information Fusion (FUSION)},
  pages={1--8},
  year={2010},
  organization={IEEE}
}
@inproceedings{wang2012no,
	title={No need to war-drive: Unsupervised indoor localization},
	author={Wang, He and Sen, Souvik and Elgohary, Ahmed and Farid, Moustafa and Youssef, Moustafa and Choudhury, Romit Roy},
	booktitle={Proceedings of the 10th international conference on Mobile systems, applications, and services},
	pages={197--210},
	year={2012},
	organization={ACM}
}
@inproceedings{rai2012zee,
	title={Zee: Zero-effort crowdsourcing for indoor localization},
	author={Rai, Anshul and Chintalapudi, Krishna Kant and Padmanabhan, Venkata N and Sen, Rijurekha},
	booktitle={Proceedings of the 18th annual international conference on Mobile computing and networking},
	pages={293--304},
	year={2012},
	organization={ACM}
}
@inproceedings{hoang2013hidden,
  title={A hidden Markov model for indoor user tracking based on WiFi fingerprinting and step detection},
  author={Hoang, Manh Kha and Schmalenstroeer, Joerg and Drueke, Christian and others},
  booktitle={2013 Proceedings of the 21st European Signal Processing Conference (EUSIPCO)},
  pages={1--5},
  year={2013},
  organization={IEEE}
}
@inproceedings{radu2013himloc,
	title={Himloc: Indoor smartphone localization via activity aware pedestrian dead reckoning with selective crowdsourced wifi fingerprinting},
	author={Radu, Valentin and Marina, Mahesh K},
	booktitle={2013 International Conference on Indoor Positioning and Indoor Navigation (IPIN)},
	pages={1--10},
	year={2013},
	organization={IEEE}
}
@inproceedings{bao2013indoor,
	title={An indoor dead-reckoning algorithm with map matching},
	author={Bao, Haitao and Wong, Wai-Choong},
	booktitle={2013 9th International Wireless Communications and Mobile Computing Conference (IWCMC)},
	pages={1534--1539},
	year={2013},
	organization={IEEE}
}
@article{zhang2014robust,
	title={Robust trajectory estimation for crowdsourcing-based mobile applications},
	author={Zhang, Xinglin and Yang, Zheng and Wu, Chenshu and Sun, Wei and Liu, Yunhao and Xing, Kai},
	journal={IEEE Transactions on Parallel and Distributed Systems},
	volume={25},
	number={7},
	pages={1876--1885},
	year={2014},
	publisher={IEEE}
}
@inproceedings{xiao2014lightweight,
	title={Lightweight map matching for indoor localisation using conditional random fields},
	author={Xiao, Zhuoling and Wen, Hongkai and Markham, Andrew and Trigoni, Niki},
	booktitle={Proceedings of the 13th international symposium on Information processing in sensor networks},
	pages={131--142},
	year={2014},
	organization={IEEE Press}
}
@inproceedings{zafari2015enhancing,
	title={Enhancing ibeacon based micro-location with particle filtering},
	author={Zafari, Faheem and Papapanagiotou, Ioannis},
	booktitle={Global Communications Conference (GLOBECOM)},
	pages={1--7},
	year={2015},
	organization={IEEE}
}
@inproceedings{aly2015semmatch,
  title={semMatch: Road semantics-based accurate map matching for challenging positioning data},
  author={Aly, Heba and Youssef, Moustafa},
  booktitle={Proceedings of the 23rd SIGSPATIAL International Conference on Advances in Geographic Information Systems},
  pages={5},
  year={2015},
  organization={ACM}
}
@inproceedings{singh2015indoor,
	title={Indoor hallway structure mapping by matching segments from crowd-sourced mobile traces},
	author={Singh, Jasvinder and Mokaya, F and Mori, K and Sidhu, S},
	booktitle={6th International Conference on Indoor Positioning and Indoor Navigation, Banff, Canada},
	year={2015}
}
@article{zhou2015alimc,
	title={ALIMC: Activity landmark-based indoor mapping via crowdsourcing},
	author={Zhou, Baoding and Li, Qingquan and Mao, Qingzhou and Tu, Wei and Zhang, Xing and Chen, Long},
	journal={IEEE Transactions on Intelligent Transportation Systems},
	volume={16},
	number={5},
	pages={2774--2785},
	year={2015},
	publisher={IEEE}
}
@article{zhou2015activity,
	title={Activity sequence-based indoor pedestrian localization using smartphones},
	author={Zhou, Baoding and Li, Qingquan and Mao, Qingzhou and Tu, Wei and Zhang, Xing},
	journal={IEEE Transactions on Human-Machine Systems},
	volume={45},
	number={5},
	pages={562--574},
	year={2015},
	publisher={IEEE}
}
@article{zampella2015indoor,
  title={Indoor positioning using efficient map matching, RSS measurements, and an improved motion model},
  author={Zampella, Francisco and Ruiz, Antonio Ram{\'o}n Jim{\'e}nez and Granja, Fernando Seco},
  journal={IEEE Transactions on Vehicular Technology},
  volume={64},
  number={4},
  pages={1304--1317},
  year={2015},
  publisher={IEEE}
}
@inproceedings{bobkov2015activity,
	title={Activity recognition on handheld devices for pedestrian indoor navigation},
	author={Bobkov, Dmytro and Grimm, Ferdinand and Steinbach, Eckehard and Hilsenbeck, Sebastian and Schroth, Georg},
	booktitle={2015 International Conference on Indoor Positioning and Indoor Navigation (IPIN)},
	pages={1--10},
	year={2015},
	organization={IEEE}
}
@article{abdelnasser2016semanticslam,
	title={SemanticSLAM: Using environment landmarks for unsupervised indoor localization},
	author={Abdelnasser, Heba and Mohamed, Reham and Elgohary, Ahmed and Alzantot, Moustafa Farid and Wang, He and Sen, Souvik and Choudhury, Romit Roy and Youssef, Moustafa},
	journal={IEEE Transactions on Mobile Computing},
	volume={15},
	number={7},
	pages={1770--1782},
	year={2016},
	publisher={IEEE}
}
@article{wang2016indoor,
	title={Indoor smartphone localization via fingerprint crowdsourcing: Challenges and approaches},
	author={Wang, Bang and Chen, Qiuyun and Yang, Laurence T and Chao, Han-Chieh},
	journal={IEEE Wireless Communications},
	volume={23},
	number={3},
	pages={82--89},
	year={2016},
	publisher={IEEE}
}
@inproceedings{fu2017crowdsourcing,
	title={Crowdsourcing-based wifi fingerprint update for indoor localization},
	author={Fu, Ningjia and Zhang, Jianzhong and Yu, Wenping and Wang, Changhai},
	booktitle={Proceedings of the ACM Turing 50th Celebration Conference-China},
	pages={34},
	year={2017},
	organization={ACM}
}
@article{qiu2017iframe,
	title={iframe: Dynamic indoor map construction through automatic mobile sensing},
	author={Qiu, Chen and Mutka, Matt W},
	journal={Pervasive and Mobile Computing},
	volume={38},
	pages={346--362},
	year={2017},
	publisher={Elsevier}
}
@inproceedings{alaoui2017points,
	title={Points of interest detection for map-aided PDR in combined outdoor-indoor spaces},
	author={Alaoui, F Taia and Renaudin, Valerie and Betaille, David},
	booktitle={2017 International Conference on Indoor Positioning and Indoor Navigation (IPIN)},
	pages={1--8},
	year={2017},
	organization={IEEE}
}
@article{xiang2017tack,
	title={$ Tack: $ Learning Towards Contextual and Ephemeral Indoor Localization With Crowdsourcing},
	author={Xiang, Liyao and Tai, Tzu-Yin and Li, Baochun and Li, Bo},
	journal={IEEE Journal on Selected Areas in Communications},
	volume={35},
	number={4},
	pages={863--879},
	year={2017},
	publisher={IEEE}
}
@article{guo2017activity,
	title={Activity Recognition and Semantic Description for Indoor Mobile Localization},
	author={Guo, Sheng and Xiong, Hanjiang and Zheng, Xianwei and Zhou, Yan},
	journal={Sensors},
	volume={17},
	number={3},
	pages={649},
	year={2017},
	publisher={Multidisciplinary Digital Publishing Institute}
}
